<record><leader>00000cas a22000007a 4500</leader><controlfield tag="001">17562709</controlfield><controlfield tag="008">880301d19511951lauwr ne      0    0eng d</controlfield><datafield ind1=" " ind2=" " tag="010"><subfield code="a">sn 88064197 </subfield></datafield><datafield ind1=" " ind2=" " tag="040"><subfield code="a">LNP</subfield><subfield code="b">eng</subfield><subfield code="c">LNP</subfield><subfield code="d">OCLCQ</subfield></datafield><datafield ind1=" " ind2=" " tag="042"><subfield code="a">msc</subfield></datafield><datafield ind1="0" ind2="4" tag="245"><subfield code="a">The Slidell times.</subfield></datafield><datafield ind1=" " ind2=" " tag="260"><subfield code="a">Slidell, La. :</subfield><subfield code="b">Enterprise Pub. Co.</subfield></datafield><datafield ind1=" " ind2=" " tag="310"><subfield code="a">Weekly</subfield></datafield><datafield ind1="0" ind2=" " tag="362"><subfield code="a">Vol. 1, no. 1 (May 11, 1951)-v. 1, no. 11 (July 20, 1951).</subfield></datafield><datafield ind1=" " ind2=" " tag="752"><subfield code="a">United States</subfield><subfield code="b">Louisiana</subfield><subfield code="c">Saint Tammany</subfield><subfield code="d">Slidell.</subfield></datafield><datafield ind1="0" ind2="7" tag="785"><subfield code="t">Slidell weekly news</subfield><subfield code="w">(DLC)sn 88064088</subfield></datafield><datafield ind1="0" ind2="7" tag="785"><subfield code="t">Slidell times and Slidell weekly news</subfield><subfield code="w">(DLC)sn 88064198</subfield></datafield></record>